<record xmlns:xsi="http://www.w3.org/2001/XMLSchema-instance" xmlns="http://www.loc.gov/MARC21/slim" xsi:schemaLocation="http://www.loc.gov/MARC21/slim http://www.loc.gov/standards/marcxml/schema/MARC21slim.xsd">

  <leader>01357nab a2200169   4500</leader>
  <controlfield tag="005">20170826062615.0</controlfield>
  <controlfield tag="008">151015b2004    cr f|||| |||| 00| 0 spa d</controlfield>
  <datafield tag="090" ind2=" " ind1=" ">
    <subfield code="a">REVIS 06.02.01</subfield>
  </datafield>
  <datafield tag="100" ind2=" " ind1="1">
    <subfield code="9">1122</subfield>
    <subfield code="a">Valembois, Víctor</subfield>
  </datafield>
  <datafield ind1="1" ind2="0" tag="245">
    <subfield code="a">René Van Huffel, un previlegiado puente con la cultura de habla francesa /</subfield>
    <subfield code="c">Victor Valembois</subfield>
  </datafield>
  <datafield ind1=" " ind2=" " tag="260">
    <subfield code="a">San José, Costa Rica :</subfield>
    <subfield code="b">Editorial Universidad de Costa Rica,</subfield>
    <subfield code="c">2004</subfield>
  </datafield>
  <datafield tag="300" ind2=" " ind1=" ">
    <subfield code="a">páginas 57-73</subfield>
  </datafield>
  <datafield tag="520" ind2=" " ind1=" ">
    <subfield code="a">Nunca lo conocí, pero su foto entre los eméritos en el Auditorio de la Facultad de Educación  me picó la curiosidad: a base de entrevistas y lecturas confeccioné una biografía de un personaje cuya modesta e incompleta semblanza quizá incite a reflexionar sobre un modelo de profesorado y además sugiere, ojalá, que no solo en este caso, por la enseñanza de un idioma, sino por lo universitario bien entendido en tiempos de globalización, conviene tener una mente abierta a la interferencia cultural, al matiz filológico: confío que esta reconstrucción, no hagiográfico sino profundamente humanista, tenga valor de rescate, hacia el pasado y tenga utilidad, hacia el futuro</subfield>
  </datafield>
  <datafield ind1="1" ind2="4" tag="650">
    <subfield code="9">1</subfield>
    <subfield code="a">EDUCACIÓN</subfield>
  </datafield>
  <datafield ind1="0" ind2=" " tag="773">
    <subfield code="d">San José, Costa Rica : Editorial de la Universidad de Costa Rica, 1997-</subfield>
    <subfield code="o">R0253</subfield>
    <subfield code="t">EDUCACIÓN: Revista de la Universidad de Costa Rica</subfield>
    <subfield code="g">Vol.28, no.2 (2004)</subfield>
  </datafield>
  <datafield tag="942" ind2=" " ind1=" ">
    <subfield code="2">z</subfield>
    <subfield code="c">10</subfield>
  </datafield>
  <datafield tag="999" ind2=" " ind1=" ">
    <subfield code="c">2913</subfield>
    <subfield code="d">2913</subfield>
  </datafield>
</record>